<?xml version="1.0" encoding="UTF-8"?><collection><record><leader>05461ntm a2200541 a 4500</leader><controlfield tag="001">006805886</controlfield><controlfield tag="003">MiAaHDL</controlfield><controlfield tag="005">20190719000000.0</controlfield><controlfield tag="006">m        d        </controlfield><controlfield tag="007">cr bn ---auaua</controlfield><controlfield tag="008">090602s1583    xx            00| ||ara d</controlfield><datafield tag="035" ind1=" " ind2=" "><subfield code="a">(MiU)006805886</subfield></datafield><datafield tag="035" ind1=" " ind2=" "><subfield code="a">sdr-miu006805886</subfield></datafield><datafield tag="040" ind1=" " ind2=" "><subfield code="a">MiU</subfield><subfield code="c">MiU</subfield><subfield code="e">amremm</subfield></datafield><datafield tag="043" ind1=" " ind2=" "><subfield code="a">n-us-mi</subfield><subfield code="a">aw-----</subfield><subfield code="a">ff-----</subfield><subfield code="a">e-sp---</subfield></datafield><datafield tag="100" ind1="1" ind2=" "><subfield code="6">880-01</subfield><subfield code="a">Maḥallī, Jalāl al-Dīn Muḥammad ibn Aḥmad,</subfield><subfield code="d">1389-1459.</subfield></datafield><datafield tag="240" ind1="1" ind2="0"><subfield code="6">880-02</subfield><subfield code="a">Tafsīr al-Jalālayn.</subfield><subfield code="n">[niṣf 2]</subfield></datafield><datafield tag="245" ind1="1" ind2="3"><subfield code="6">880-03</subfield><subfield code="a">al-Niṣf al-thānī min Tafsīr al-Jalālayn,</subfield><subfield code="f">[991, i.e. 1583].</subfield></datafield><datafield tag="260" ind1=" " ind2=" "><subfield code="c">[1583]</subfield></datafield><datafield tag="300" ind1=" " ind2=" "><subfield code="a">193 leaves :</subfield><subfield code="b">paper ;</subfield><subfield code="c">178 x 134 (125 x 85) mm. bound to 178 x 137 mm.</subfield></datafield><datafield tag="500" ind1=" " ind2=" "><subfield code="a">Shelfmark: Ann Arbor, University of Michigan, Special Collections Library, Isl. Ms. 460</subfield></datafield><datafield tag="500" ind1=" " ind2=" "><subfield code="a">Origin: As appears in colophon (fol.193b), copying finished on the 8th of Ramaḍān 991 [ca. 25 September 1583].</subfield></datafield><datafield tag="500" ind1=" " ind2=" "><subfield code="a">Accompanying materials: a. Inventory cataloguing slip in hand of Winifred Smeaton Thomas. -- b. Acquisitions slip from Yahuda.</subfield></datafield><datafield tag="500" ind1=" " ind2=" "><subfield code="a">Former shelfmark: From inner front cover "IL 52" (likely supplied by Yahuda).</subfield></datafield><datafield tag="500" ind1=" " ind2=" "><subfield code="a">Binding: Pasteboards faced with dark brown leather and now edged in deep purple leather (leather faced and edged framed binding, edging may represent a repair or other intervention); Type III binding (without flap); pastedowns and flyleaves in bright, hot pink surface-dyed, coated wove paper; upper and lower covers each bear blind-stamped central mandorla with detached pendants and tooled and gold-painted border accents; now sewn in golden yellow colored thread, two stations; worked chevron endbands in golden yellow and purple; likely not original to codex (taller and slightly wider); overall in fair condition with minor abrasion and lifting of leather.</subfield></datafield><datafield tag="500" ind1=" " ind2=" "><subfield code="a">Support: non-European (likely Arab) laid paper, perhaps of more than one type, mainly with roughly 8 laid lines per cm. (vertical, somewhat indistinct) and chain lines grouped in threes with 12-14 mm. between chains and 38-40 between groups (see p.360, 372, etc.), somewhat cloudy formation, quite sturdy, burnished; several leaves of European laid paper with anchor in circle watermark (p.60, 62, 222, 304, etc.); some leaves tinted beige or pale salmon.</subfield></datafield><datafield tag="500" ind1=" " ind2=" "><subfield code="a">Decoration: Simple filled gold headpiece (ʻunwān / sarlawḥ) and gold rule-border on incipit page; text rubricated with text of Qurʼān in red and tafsīr in black.</subfield></datafield><datafield tag="500" ind1=" " ind2=" "><subfield code="a">Script: Naskh; small, compact Syrian or Egyptian hand (variation in line thickness especially in final folia, though appears to be same hand with different pens); virtually serifless with very slight effect of words descending to baseline, straight asecenders, curvilinear descenders, pointing mainly in distinct dots (though curved stroke often used for three dots), alif maqṣūrah pointed as yāʼ, kāf mashqūqah preferred; partially vocalized.</subfield></datafield><datafield tag="500" ind1=" " ind2=" "><subfield code="a">Layout: Written in 21 lines per page.</subfield></datafield><datafield tag="500" ind1=" " ind2=" "><subfield code="a">Collation: ii, II+1 (5), 18 V (185), I (187), III (193), ii; chiefly quinions; catchwords present, rubricated if following text is rubricated; pagination added later in pencil, Western numerals.</subfield></datafield><datafield tag="500" ind1=" " ind2=" "><subfield code="a">Colophon: "Scribal," triangular, reads: "تم الكتاب المبارك بحمد الله وعونه وحسن توفيقه وصلى الله على سيدنا محمد واله وصحبه وسلم تسليما كثيرا وحسبنا الله ونعم الوكيل بتاريخ نهار الاحد المبارك ثامن شهر رمضان المعظم من شهور سنة احد وتسعين وتسعمائة"</subfield></datafield><datafield tag="500" ind1=" " ind2=" "><subfield code="a">Explicit: "الضالين وهم النصارى ونكتة البدل افادة ان المهتدين ليسوا يهودا ولا نصارى والله اعلم بالصواب واليه المرجع والمآب تم"</subfield></datafield><datafield tag="500" ind1=" " ind2=" "><subfield code="a">Incipit: "سورة الكهف مكية الاواصر [...؟] الاية مائة وعشر ايات وخمس عشرة اية بسم الله الرحمن الرحيم الحمد هو الوصف بالجميل ثابت..."</subfield></datafield><datafield tag="500" ind1=" " ind2=" "><subfield code="a">Title from inscription on recto of front flyleaf.</subfield></datafield><datafield tag="500" ind1=" " ind2=" "><subfield code="a">Ms. codex.</subfield></datafield><datafield tag="510" ind1="4" ind2=" "><subfield code="a">Hajji Khalifah. Kashf al-ẓunūn,</subfield><subfield code="c">ii 358</subfield></datafield><datafield tag="510" ind1="4" ind2=" "><subfield code="a">Brockelmann, C. GAL,</subfield><subfield code="c">II, 114 ; II, 145 no.6</subfield></datafield><datafield tag="520" ind1="8" ind2=" "><subfield code="a">Second half of Tafsīr al-Jalālayn, the well-known commentary on the Qur’an, beginning with Sūrat al-Kahf (18).</subfield></datafield><datafield tag="538" ind1=" " ind2=" "><subfield code="a">Mode of access: Internet.</subfield></datafield><datafield tag="541" ind1=" " ind2=" "><subfield code="a">Acquired in 1926 from the bookseller Isaac Benjamin S.E. Yahuda via purchase transacted on his behalf by Abraham Shalom Yahuda (1877-1951), his younger brother.</subfield></datafield><datafield tag="546" ind1=" " ind2=" "><subfield code="a">Arabic.</subfield></datafield><datafield tag="561" ind1=" " ind2=" "><subfield code="a">Some marginal corrections with such correction marks (signes-de-renvoi) as three dots appearing above mistake and above correction in margin, and four dots over an omission (see examples on fol.58a, 60a, 83a, 109a, etc.).</subfield></datafield><datafield tag="630" ind1="0" ind2="0"><subfield code="a">Qurʼan</subfield><subfield code="v">Commentaries</subfield><subfield code="v">Early works to 1800.</subfield></datafield><datafield tag="650" ind1=" " ind2="0"><subfield code="a">Manuscripts, Arabic</subfield><subfield code="z">Michigan</subfield><subfield code="z">Ann Arbor.</subfield></datafield><datafield tag="655" ind1=" " ind2="7"><subfield code="a">Headpieces (layout features)</subfield><subfield code="z">Islamic empire</subfield><subfield code="y">16th century.</subfield><subfield code="2">aat</subfield></datafield><datafield tag="700" ind1="0" ind2=" "><subfield code="6">880-04</subfield><subfield code="a">Suyūṭī,</subfield><subfield code="d">1445-1505.</subfield></datafield><datafield tag="773" ind1="0" ind2=" "><subfield code="a">Yahuda Collection.</subfield></datafield><datafield tag="880" ind1="0" ind2=" "><subfield code="6">700-04/</subfield><subfield code="a">سيوطي.</subfield></datafield><datafield tag="880" ind1="1" ind2="2"><subfield code="6">245-03/</subfield><subfield code="a">النصف الثاني من تفسير الجلالين,</subfield><subfield code="f">[991ه, 1583م].</subfield></datafield><datafield tag="880" ind1="1" ind2="0"><subfield code="6">240-02/</subfield><subfield code="a">تفسير الجلالين</subfield><subfield code="n">[نصف 2]</subfield></datafield><datafield tag="880" ind1="1" ind2=" "><subfield code="6">100-01/</subfield><subfield code="a">محلي, جلال الدين محمد بن احمد.</subfield></datafield><datafield tag="CID" ind1=" " ind2=" "><subfield code="a">006805886</subfield></datafield><datafield tag="DAT" ind1="0" ind2=" "><subfield code="a">20190719102637.0</subfield><subfield code="b">20190719000000.0</subfield></datafield><datafield tag="DAT" ind1="1" ind2=" "><subfield code="a">20190719090653.0</subfield><subfield code="b">2019-07-19T16:11:30Z</subfield></datafield><datafield tag="DAT" ind1="2" ind2=" "><subfield code="a">2015-10-02T18:00:03Z</subfield></datafield><datafield tag="CAT" ind1=" " ind2=" "><subfield code="a">SDR-MIU</subfield><subfield code="d">EX LIBRIS - ALEPH</subfield><subfield code="l">prepare.pl-004-008</subfield></datafield><datafield tag="FMT" ind1=" " ind2=" "><subfield code="a">BK</subfield></datafield><datafield tag="HOL" ind1=" " ind2=" "><subfield code="0">sdr-miu006805886</subfield><subfield code="a">MiU</subfield><subfield code="b">SDR</subfield><subfield code="c">MIU</subfield><subfield code="p">mdp.39015079127612</subfield><subfield code="s">MIU</subfield><subfield code="1">006805886</subfield></datafield><datafield tag="974" ind1=" " ind2=" "><subfield code="b">MIU</subfield><subfield code="c">MIU</subfield><subfield code="d">20190719</subfield><subfield code="s">lit-dlps-dc</subfield><subfield code="u">mdp.39015079127612</subfield><subfield code="y">1583</subfield><subfield code="r">pd</subfield><subfield code="q">bib</subfield><subfield code="t">non-US bib date1 &lt; 1879</subfield></datafield></record></collection>